@article{AnnuRev18_1,
author="Harold L. Brode",
title="REVIEW OF NUCLEAR WEAPONS EFFECTS",
year="1968",
journal="Annual Review of Nuclear and Partilce Science",
volume="18",
pages="153--200",
url="http://www.annualreviews.org/doi/pdf/10.1146/annurev.ns.18.120168.001101",
}
@article{AnnuRev18_2,
author="Arthur C. Upton",
title="EFFECTS OF RADIATION ON MAN",
year="1968",
journal="Annual Review of Nuclear and Partilce Science",
volume="18",
pages="496--521",
url="http://www.annualreviews.org/doi/pdf/10.1146/annurev.ns.18.120168.002431"
}
@online{BfS,
title="Bundesamt f√ºr Strahlenschutz",
url="http://www.bfs.de"
}
@book{straschuver,
author="Hans-Michael Veith",
title="Strahlenschutzverordnung",
publisher="Bundesanzeiger Verlag",
edition="6",
year="2001"}
